@inproceedings{origin,
  author    = {unknown},
  title     = {THU Beamer Theme},
  year      = {2015},
  url       = {http://far.tooold.cn/post/latex/beamertsinghua},
}

@article{lenet5nn,
  title={Gradient-based learning applied to document recognition},
  author={LeCun, Yann and Bottou, L{\'e}on and Bengio, Yoshua and Haffner, Patrick},
  journal={Proceedings of the IEEE},
  volume={86},
  number={11},
  pages={2278--2324},
  year={1998},
  publisher={Ieee}
}

@article{wang2021gnn,
  title={GNN is a Counter? Revisiting GNN for Question Answering},
  author={Wang, Kuan and Zhang, Yuyu and Yang, Diyi and Song, Le and Qin, Tao},
  journal={arXiv preprint arXiv:2110.03192},
  year={2021}
}

@article{wang2018dataset,
  title={Dataset distillation},
  author={Wang, Tongzhou and Zhu, Jun-Yan and Torralba, Antonio and Efros, Alexei A},
  journal={arXiv preprint arXiv:1811.10959},
  year={2018}
}


@article{hinton2015distilling,
  title={Distilling the knowledge in a neural network},
  author={Hinton, Geoffrey and Vinyals, Oriol and Dean, Jeff and others},
  journal={arXiv preprint arXiv:1503.02531},
  volume={2},
  number={7},
  year={2015}
}

@article{han2015deep,
  title={Deep compression: Compressing deep neural networks with pruning, trained quantization and huffman coding},
  author={Han, Song and Mao, Huizi and Dally, William J},
  journal={arXiv preprint arXiv:1510.00149},
  year={2015}
}

@article{courbariaux2015binaryconnect,
  title={Binaryconnect: Training deep neural networks with binary weights during propagations},
  author={Courbariaux, Matthieu and Bengio, Yoshua and David, Jean-Pierre},
  journal={Advances in neural information processing systems},
  volume={28},
  year={2015}
}


@article{li2016ternary,
  title={Ternary weight networks},
  author={Li, Fengfu and Zhang, Bo and Liu, Bin},
  journal={arXiv preprint arXiv:1605.04711},
  year={2016}
}

@article{courbariaux2016binarized,
  title={Binarized neural networks: Training deep neural networks with weights and activations constrained to+ 1 or-1},
  author={Courbariaux, Matthieu and Hubara, Itay and Soudry, Daniel and El-Yaniv, Ran and Bengio, Yoshua},
  journal={arXiv preprint arXiv:1602.02830},
  year={2016}
}


@article{bengio2013estimating,
  title={Estimating or propagating gradients through stochastic neurons for conditional computation},
  author={Bengio, Yoshua and L{\'e}onard, Nicholas and Courville, Aaron},
  journal={arXiv preprint arXiv:1308.3432},
  year={2013}
}


@article{qin2020binary,
  title={Binary neural networks: A survey},
  author={Qin, Haotong and Gong, Ruihao and Liu, Xianglong and Bai, Xiao and Song, Jingkuan and Sebe, Nicu},
  journal={Pattern Recognition},
  volume={105},
  pages={107281},
  year={2020},
  publisher={Elsevier}
}


@article{1998Reinforcement,
  title={Reinforcement Learning},
  author={ Sutton, R. S.  and  Barto, A. G. },
  journal={A Bradford Book},
  volume={volume 15},
  number={7},
  pages={665-685},
  year={1998},
}


@article{mnih2015human,
  title={Human-level control through deep reinforcement learning},
  author={Mnih, Volodymyr and Kavukcuoglu, Koray and Silver, David and Rusu, Andrei A and Veness, Joel and Bellemare, Marc G and Graves, Alex and Riedmiller, Martin and Fidjeland, Andreas K and Ostrovski, Georg and others},
  journal={nature},
  volume={518},
  number={7540},
  pages={529--533},
  year={2015},
  publisher={Nature Publishing Group}
}


@article{watkins1992q,
  title={Q-learning},
  author={Watkins, Christopher JCH and Dayan, Peter},
  journal={Machine learning},
  volume={8},
  number={3},
  pages={279--292},
  year={1992},
  publisher={Springer}
}


@article{jaques2017tuning,
  title={Tuning recurrent neural networks with reinforcement learning},
  author={Jaques, Natasha and Gu, Shixiang and Turner, Richard E and Eck, Douglas},
  year={2017}
}

@article{baker2016designing,
  title={Designing neural network architectures using reinforcement learning},
  author={Baker, Bowen and Gupta, Otkrist and Naik, Nikhil and Raskar, Ramesh},
  journal={arXiv preprint arXiv:1611.02167},
  year={2016}
}


@article{zoph2016neural,
  title={Neural architecture search with reinforcement learning},
  author={Zoph, Barret and Le, Quoc V},
  journal={arXiv preprint arXiv:1611.01578},
  year={2016}
}


@article{aenugu2020training,
  title={Training spiking neural networks using reinforcement learning},
  author={Aenugu, Sneha},
  journal={arXiv preprint arXiv:2005.05941},
  year={2020}
}


@inproceedings{lindsay2020novel,
  title={A novel way of training a neural network with reinforcement learning and without back propagation},
  author={Lindsay, James and Gigivi, Sidney},
  booktitle={2020 International Joint Conference on Neural Networks (IJCNN)},
  pages={1--6},
  year={2020},
  organization={IEEE}
}


@article{lazarus2022deep,
  title={Deep Binary Reinforcement Learning for Scalable Verification},
  author={Lazarus, Christopher and Kochenderfer, Mykel J},
  journal={arXiv preprint arXiv:2203.05704},
  year={2022}
}


@inproceedings{2017Training,
  title={Training Neural Networks with Policy Gradient},
  author={ Bose, S.  and  Huber, M. },
  booktitle={International Joint Conference on Neural Networks (IJCNN)},
  year={2017},
}